@UNPUBLISHED{bibtex.a,
   author = "Oren Patashnik",
   title = "{{\BibTeX}ing}",
   note = "Documentation for general {\BibTeX} users",
   month = "8$^{th}$~" # feb,
   language = "USenglish",
   year = 1988, }
@misc{nsa01,
	key="nsa",
	month="september",
	year = "2014",
	url = "https://www.nsa.gov/ia/programs/suiteb_cryptography/index.shtml",
}