@UNPUBLISHED{bibtex.a,
   author = "Oren Patashnik",
   title = "{{\BibTeX}ing}",
   note = "Documentation for general {\BibTeX} users",
   month = "8$^{th}$~" # feb,
   language = "USenglish",
   year = 1988, }
@misc{nsa01,
	key="nsa",
	month="september",
	year = "2014",
	url = "https://www.nsa.gov/ia/programs/suiteb_cryptography/index.shtml",
}
@misc{lka01,
	author="{Lucas} Kauffmann",
	month="september",
	year = "2013",
	url = "http://security.blogoverflow.com/2013/09/about-secure-password-hashing/",
}
@misc{com14,
	key="CommutativityWiki",
	month="september",
	year = "2014",
	url = "http://en.wikipedia.org/wiki/Commutative_property"
}
@misc{obs15,
	key="ObserverPatternWiki",
	month="July",
	year = "2015",
	url = "http://en.wikipedia.org/wiki/Observer_pattern/"
}